@article{sundberg2013introducing,
  title={Introducing the UCDP georeferenced event dataset},
  author={Sundberg, Ralph and Melander, Erik},
  journal={Journal of Peace Research},
  volume={50},
  number={4},
  pages={523--532},
  year={2013},
  publisher={Sage Publications Sage UK: London, England}
}

@article{davies2022organized,
  title={Organized violence 1989--2021 and drone warfare},
  author={Davies, Shawn and Pettersson, Therese and {\"O}berg, Magnus},
  journal={Journal of Peace Research},
  volume={59},
  number={4},
  pages={593--610},
  year={2022},
  publisher={SAGE Publications Sage UK: London, England}
}

@book{weiss2018introduction,
  title={An introduction to discrete-valued time series},
  author={Wei√ü, Christian H},
  year={2018},
  publisher={John Wiley \& Sons}
}

@article{czado2009predictive,
  title={Predictive model assessment for count data},
  author={Czado, Claudia and Gneiting, Tilmann and Held, Leonhard},
  journal={Biometrics},
  volume={65},
  number={4},
  pages={1254--1261},
  year={2009},
  publisher={Wiley Online Library}
}

@article{raleigh2010introducing,
  title={Introducing ACLED: An armed conflict location and event dataset},
  author={Raleigh, Clionadh and Linke, rew and Hegre, H{\aa}vard and Karlsen, Joakim},
  journal={Journal of peace research},
  volume={47},
  number={5},
  pages={651--660},
  year={2010},
  publisher={Sage Publications Sage UK: London, England}
}

@article{gneiting2007strictly,
  title={Strictly proper scoring rules, prediction, and estimation},
  author={Gneiting, Tilmann and Raftery, Adrian E},
  journal={Journal of the American statistical Association},
  volume={102},
  number={477},
  pages={359--378},
  year={2007},
  publisher={Taylor \& Francis}
}

@article{xu2012model,
  title={A model for integer-valued time series with conditional overdispersion},
  author={Xu, Hai-Yan and Xie, Min and Goh, Thong Ngee and Fu, Xiuju},
  journal={Computational Statistics \& Data Analysis},
  volume={56},
  number={12},
  pages={4229--4242},
  year={2012},
  publisher={Elsevier}
}
@article{eck2012data,
  title={In data we trust? A comparison of UCDP GED and ACLED conflict events datasets},
  author={Eck, Kristine},
  journal={Cooperation and Conflict},
  volume={47},
  number={1},
  pages={124--141},
  year={2012},
  publisher={Sage Publications Sage UK: London, England}
}
